@Book{GoodBengCour16,
  Title                    = {Deep Learning},
  Author                   = {Ian J. Goodfellow and Yoshua Bengio and Aaron Courville},
}

@article{krizhevsky2009learning,
  title={Learning multiple layers of features from tiny images},
  author={Krizhevsky, Alex and Hinton, Geoffrey and others},
  year={2009},
}

@inproceedings{optuna_2019,
    title={Optuna: A Next-generation Hyperparameter Optimization Framework},
    author={Akiba, Takuya and Sano, Shotaro and Yanase, Toshihiko and Ohta, Takeru and Koyama, Masanori},
    booktitle={Proceedings of the 25th {ACM} {SIGKDD} International Conference on Knowledge Discovery and Data Mining},
    year={2019}
}

@article{bergstra2011algorithms,
  title={Algorithms for hyper-parameter optimization},
  author={Bergstra, James and Bardenet, R{\'e}mi and Bengio, Yoshua and K{\'e}gl, Bal{\'a}zs},
  journal={Advances in neural information processing systems},
  volume={24},
  year={2011}
}

@phdthesis{bouthillier2020survey,
  title={Survey of machine-learning experimental methods at NeurIPS2019 and ICLR2020},
  author={Bouthillier, Xavier and Varoquaux, Ga{\"e}l},
  year={2020},
}

@inproceedings{kornblith2019similarity,
  title={Similarity of neural network representations revisited},
  author={Kornblith, Simon and Norouzi, Mohammad and Lee, Honglak and Hinton, Geoffrey},
  year={2019},
}

@article{yu2020hyper,
  title={Hyper-parameter optimization: A review of algorithms and applications},
  author={Yu, Tong and Zhu, Hong},
  journal={arXiv preprint arXiv:2003.05689},
  year={2020}
}

@article{ramsay1984matrix,
  title={Matrix correlation},
  author={Ramsay, JO and ten Berge, Jos and Styan, GPH},
  journal={Psychometrika},
  volume={49},
  number={3},
  pages={403--423},
  year={1984},
  publisher={Springer}
}

@book{golub1995canonical,
  title={The canonical correlations of matrix pairs and their numerical computation},
  author={Golub, Gene H and Zha, Hongyuan},
  year={1995},
  publisher={Springer}
}

@article{morcos2018insights,
  title={Insights on representational similarity in neural networks with canonical correlation},
  author={Morcos, Ari and Raghu, Maithra and Bengio, Samy},
  journal={Advances in neural information processing systems},
  volume={31},
  year={2018}
}